<record><leader>00000cas a22000007a 4500</leader><controlfield tag="001">18386858</controlfield><controlfield tag="008">880822d19681970ohuwr ne      0    0eng d</controlfield><datafield ind1=" " ind2=" " tag="010"><subfield code="a">sn 88077747 </subfield></datafield><datafield ind1=" " ind2=" " tag="040"><subfield code="a">ONP</subfield><subfield code="b">eng</subfield><subfield code="c">ONP</subfield><subfield code="d">OCLCQ</subfield></datafield><datafield ind1=" " ind2=" " tag="042"><subfield code="a">msc</subfield></datafield><datafield ind1="0" ind2=" " tag="130"><subfield code="a">Spectator (West Franklin ed.)</subfield></datafield><datafield ind1="1" ind2="4" tag="245"><subfield code="a">The Spectator.</subfield></datafield><datafield ind1=" " ind2=" " tag="250"><subfield code="a">West Franklin ed.</subfield></datafield><datafield ind1=" " ind2=" " tag="260"><subfield code="a">Columbus, Ohio :</subfield><subfield code="b">Spectator Print. &amp; Pub. Co.,</subfield><subfield code="c">1968-</subfield></datafield><datafield ind1=" " ind2=" " tag="310"><subfield code="a">Weekly</subfield></datafield><datafield ind1="0" ind2=" " tag="362"><subfield code="a">Vol. 14, no. 15 (June 27, 1968)-</subfield></datafield><datafield ind1="1" ind2=" " tag="362"><subfield code="a">Ceased in 1970?</subfield></datafield><datafield ind1=" " ind2=" " tag="752"><subfield code="a">United States</subfield><subfield code="b">Ohio</subfield><subfield code="c">Franklin</subfield><subfield code="d">Columbus.</subfield></datafield><datafield ind1="0" ind2="0" tag="780"><subfield code="t">West Franklin rural-urban spectator</subfield><subfield code="w">(DLC)sn 88077746</subfield></datafield></record>